<?xml version="1.0" encoding="UTF-8"?><collection xmlns="http://www.loc.gov/MARC21/slim"><record><leader>00588nam--2200193-i-4500</leader><controlfield tag="001">000006625</controlfield><controlfield tag="002">20161230</controlfield><controlfield tag="005">20161230201026</controlfield><controlfield tag="008">060222s1000------------r-----000-0-eng-d</controlfield><datafield ind1=" " ind2=" " tag="040"><subfield code="a">IFIN-HH</subfield></datafield><datafield ind1=" " ind2=" " tag="080"><subfield code="a">533.95</subfield></datafield><datafield ind1="1" ind2=" " tag="100"><subfield code="a">Allis, William P</subfield></datafield><datafield ind1="1" ind2="0" tag="245"><subfield code="a">Waves in anisotropic plasmas</subfield><subfield code="c">William p. allis, s.l. buchbaum, a. bers</subfield></datafield><datafield ind1=" " ind2=" " tag="260"><subfield code="a">Cambridge, Massachusetts Institute Of Technology Press, 1963</subfield></datafield><datafield ind1=" " ind2=" " tag="300"><subfield code="a">XI + 280 P</subfield></datafield><datafield ind1=" " ind2=" " tag="500"><subfield code="a">Published 1963 by the M.I.T. Press, Cambridge, Massachusetts</subfield></datafield><datafield ind1="1" ind2=" " tag="700"><subfield code="a">Bers, A</subfield></datafield><datafield ind1=" " ind2=" " tag="852"><subfield code="a">12647</subfield><subfield code="c">533.9</subfield></datafield><datafield ind1=" " ind2=" " tag="CAT"><subfield code="a">Sys</subfield><subfield code="c">20100917</subfield><subfield code="h">105014</subfield></datafield></record></collection>